%YAML 1.1
%TAG !u! tag:unity3d.com,2011:
--- !u!1 &8450666568499726551
GameObject:
  m_ObjectHideFlags: 0
  m_CorrespondingSourceObject: {fileID: 0}
  m_PrefabInstance: {fileID: 0}
  m_PrefabAsset: {fileID: 0}
  serializedVersion: 6
  m_Component:
  - component: {fileID: 8342276062587445350}
  - component: {fileID: 7287357471282540867}
  m_Layer: 0
  m_Name: Collider
  m_TagString: Untagged
  m_Icon: {fileID: 0}
  m_NavMeshLayer: 0
  m_StaticEditorFlags: 0
  m_IsActive: 1
--- !u!4 &8342276062587445350
Transform:
  m_ObjectHideFlags: 0
  m_CorrespondingSourceObject: {fileID: 0}
  m_PrefabInstance: {fileID: 0}
  m_PrefabAsset: {fileID: 0}
  m_GameObject: {fileID: 8450666568499726551}
  m_LocalRotation: {x: -0, y: -0, z: -1, w: 0}
  m_LocalPosition: {x: 0.01, y: 0.58, z: -0.55880255}
  m_LocalScale: {x: 0.64117205, y: 3.2399228, z: 0.84153837}
  m_Children: []
  m_Father: {fileID: 8917718028491843342}
  m_RootOrder: 1
  m_LocalEulerAnglesHint: {x: 0, y: 0, z: 0}
--- !u!61 &7287357471282540867
BoxCollider2D:
  m_ObjectHideFlags: 0
  m_CorrespondingSourceObject: {fileID: 0}
  m_PrefabInstance: {fileID: 0}
  m_PrefabAsset: {fileID: 0}
  m_GameObject: {fileID: 8450666568499726551}
  m_Enabled: 1
  m_Density: 1
  m_Material: {fileID: 0}
  m_IsTrigger: 0
  m_UsedByEffector: 0
  m_UsedByComposite: 0
  m_Offset: {x: 0, y: 0}
  m_SpriteTilingProperty:
    border: {x: 0, y: 0, z: 0, w: 0}
    pivot: {x: 0, y: 0}
    oldSize: {x: 0, y: 0}
    newSize: {x: 0, y: 0}
    adaptiveTilingThreshold: 0
    drawMode: 0
    adaptiveTiling: 0
  m_AutoTiling: 0
  serializedVersion: 2
  m_Size: {x: 1, y: 1}
  m_EdgeRadius: 0
--- !u!1 &8917718026765698354
GameObject:
  m_ObjectHideFlags: 0
  m_CorrespondingSourceObject: {fileID: 0}
  m_PrefabInstance: {fileID: 0}
  m_PrefabAsset: {fileID: 0}
  serializedVersion: 6
  m_Component:
  - component: {fileID: 8917718026765698355}
  m_Layer: 0
  m_Name: Forest Spike Trap
  m_TagString: Untagged
  m_Icon: {fileID: 0}
  m_NavMeshLayer: 0
  m_StaticEditorFlags: 0
  m_IsActive: 1
--- !u!4 &8917718026765698355
Transform:
  m_ObjectHideFlags: 0
  m_CorrespondingSourceObject: {fileID: 0}
  m_PrefabInstance: {fileID: 0}
  m_PrefabAsset: {fileID: 0}
  m_GameObject: {fileID: 8917718026765698354}
  m_LocalRotation: {x: 0, y: 0, z: 1, w: 0}
  m_LocalPosition: {x: 5.031, y: -2.561, z: 0}
  m_LocalScale: {x: 1.1883, y: 1.1883, z: 1.1883}
  m_Children:
  - {fileID: 8917718028491843342}
  m_Father: {fileID: 0}
  m_RootOrder: 0
  m_LocalEulerAnglesHint: {x: 0, y: 0, z: 180}
--- !u!1 &8917718028491843329
GameObject:
  m_ObjectHideFlags: 0
  m_CorrespondingSourceObject: {fileID: 0}
  m_PrefabInstance: {fileID: 0}
  m_PrefabAsset: {fileID: 0}
  serializedVersion: 6
  m_Component:
  - component: {fileID: 8917718028491843342}
  - component: {fileID: 8917718028491843340}
  - component: {fileID: 8917718028491843343}
  m_Layer: 0
  m_Name: sprite
  m_TagString: Untagged
  m_Icon: {fileID: 0}
  m_NavMeshLayer: 0
  m_StaticEditorFlags: 0
  m_IsActive: 1
--- !u!4 &8917718028491843342
Transform:
  m_ObjectHideFlags: 0
  m_CorrespondingSourceObject: {fileID: 0}
  m_PrefabInstance: {fileID: 0}
  m_PrefabAsset: {fileID: 0}
  m_GameObject: {fileID: 8917718028491843329}
  m_LocalRotation: {x: -0, y: -0, z: -0, w: 1}
  m_LocalPosition: {x: 0, y: 0, z: 0}
  m_LocalScale: {x: 1.3125, y: 1, z: 1}
  m_Children:
  - {fileID: 8780729413015075043}
  - {fileID: 8342276062587445350}
  m_Father: {fileID: 8917718026765698355}
  m_RootOrder: 0
  m_LocalEulerAnglesHint: {x: 0, y: 0, z: 0}
--- !u!212 &8917718028491843340
SpriteRenderer:
  m_ObjectHideFlags: 0
  m_CorrespondingSourceObject: {fileID: 0}
  m_PrefabInstance: {fileID: 0}
  m_PrefabAsset: {fileID: 0}
  m_GameObject: {fileID: 8917718028491843329}
  m_Enabled: 1
  m_CastShadows: 0
  m_ReceiveShadows: 0
  m_DynamicOccludee: 1
  m_MotionVectors: 1
  m_LightProbeUsage: 1
  m_ReflectionProbeUsage: 1
  m_RayTracingMode: 0
  m_RenderingLayerMask: 1
  m_RendererPriority: 0
  m_Materials:
  - {fileID: 10754, guid: 0000000000000000f000000000000000, type: 0}
  m_StaticBatchInfo:
    firstSubMesh: 0
    subMeshCount: 0
  m_StaticBatchRoot: {fileID: 0}
  m_ProbeAnchor: {fileID: 0}
  m_LightProbeVolumeOverride: {fileID: 0}
  m_ScaleInLightmap: 1
  m_ReceiveGI: 1
  m_PreserveUVs: 0
  m_IgnoreNormalsForChartDetection: 0
  m_ImportantGI: 0
  m_StitchLightmapSeams: 1
  m_SelectedEditorRenderState: 0
  m_MinimumChartSize: 4
  m_AutoUVMaxDistance: 0.5
  m_AutoUVMaxAngle: 89
  m_LightmapParameters: {fileID: 0}
  m_SortingLayerID: 0
  m_SortingLayer: 0
  m_SortingOrder: -1
  m_Sprite: {fileID: 21300000, guid: afc0648e6a95e80488d0be4f24aec59d, type: 3}
  m_Color: {r: 1, g: 1, b: 1, a: 1}
  m_FlipX: 0
  m_FlipY: 0
  m_DrawMode: 0
  m_Size: {x: 0.765625, y: 3.125}
  m_AdaptiveModeThreshold: 0.5
  m_SpriteTileMode: 0
  m_WasSpriteAssigned: 1
  m_MaskInteraction: 0
  m_SpriteSortPoint: 0
--- !u!95 &8917718028491843343
Animator:
  serializedVersion: 3
  m_ObjectHideFlags: 0
  m_CorrespondingSourceObject: {fileID: 0}
  m_PrefabInstance: {fileID: 0}
  m_PrefabAsset: {fileID: 0}
  m_GameObject: {fileID: 8917718028491843329}
  m_Enabled: 1
  m_Avatar: {fileID: 0}
  m_Controller: {fileID: 9100000, guid: 10741e3911892a54ca3a0413713bbcc1, type: 2}
  m_CullingMode: 0
  m_UpdateMode: 0
  m_ApplyRootMotion: 0
  m_LinearVelocityBlending: 0
  m_WarningMessage: 
  m_HasTransformHierarchy: 1
  m_AllowConstantClipSamplingOptimization: 1
  m_KeepAnimatorControllerStateOnDisable: 0
--- !u!1001 &2272791343719428032
PrefabInstance:
  m_ObjectHideFlags: 0
  serializedVersion: 2
  m_Modification:
    m_TransformParent: {fileID: 8917718028491843342}
    m_Modifications:
    - target: {fileID: 7372948184985556770, guid: 58667d70b5a111044894ff10d10464b3,
        type: 3}
      propertyPath: m_SortingOrder
      value: -1
      objectReference: {fileID: 0}
    - target: {fileID: 7372948184985556771, guid: 58667d70b5a111044894ff10d10464b3,
        type: 3}
      propertyPath: m_LocalPosition.x
      value: 0.00058059016
      objectReference: {fileID: 0}
    - target: {fileID: 7372948184985556771, guid: 58667d70b5a111044894ff10d10464b3,
        type: 3}
      propertyPath: m_LocalPosition.y
      value: -1.5340002
      objectReference: {fileID: 0}
    - target: {fileID: 7372948184985556771, guid: 58667d70b5a111044894ff10d10464b3,
        type: 3}
      propertyPath: m_LocalPosition.z
      value: 0.176
      objectReference: {fileID: 0}
    - target: {fileID: 7372948184985556771, guid: 58667d70b5a111044894ff10d10464b3,
        type: 3}
      propertyPath: m_LocalRotation.x
      value: -0
      objectReference: {fileID: 0}
    - target: {fileID: 7372948184985556771, guid: 58667d70b5a111044894ff10d10464b3,
        type: 3}
      propertyPath: m_LocalRotation.y
      value: -0
      objectReference: {fileID: 0}
    - target: {fileID: 7372948184985556771, guid: 58667d70b5a111044894ff10d10464b3,
        type: 3}
      propertyPath: m_LocalRotation.z
      value: -1
      objectReference: {fileID: 0}
    - target: {fileID: 7372948184985556771, guid: 58667d70b5a111044894ff10d10464b3,
        type: 3}
      propertyPath: m_LocalRotation.w
      value: 0
      objectReference: {fileID: 0}
    - target: {fileID: 7372948184985556771, guid: 58667d70b5a111044894ff10d10464b3,
        type: 3}
      propertyPath: m_RootOrder
      value: 0
      objectReference: {fileID: 0}
    - target: {fileID: 7372948184985556771, guid: 58667d70b5a111044894ff10d10464b3,
        type: 3}
      propertyPath: m_LocalEulerAnglesHint.x
      value: 0
      objectReference: {fileID: 0}
    - target: {fileID: 7372948184985556771, guid: 58667d70b5a111044894ff10d10464b3,
        type: 3}
      propertyPath: m_LocalEulerAnglesHint.y
      value: 0
      objectReference: {fileID: 0}
    - target: {fileID: 7372948184985556771, guid: 58667d70b5a111044894ff10d10464b3,
        type: 3}
      propertyPath: m_LocalEulerAnglesHint.z
      value: 0
      objectReference: {fileID: 0}
    - target: {fileID: 7372948184985556771, guid: 58667d70b5a111044894ff10d10464b3,
        type: 3}
      propertyPath: m_LocalScale.x
      value: 0.70223606
      objectReference: {fileID: 0}
    - target: {fileID: 7372948184985556771, guid: 58667d70b5a111044894ff10d10464b3,
        type: 3}
      propertyPath: m_LocalScale.y
      value: 0.84153837
      objectReference: {fileID: 0}
    - target: {fileID: 7372948184985556771, guid: 58667d70b5a111044894ff10d10464b3,
        type: 3}
      propertyPath: m_LocalScale.z
      value: 0
      objectReference: {fileID: 0}
    - target: {fileID: 7372948184985556775, guid: 58667d70b5a111044894ff10d10464b3,
        type: 3}
      propertyPath: m_Name
      value: Natural Spikes
      objectReference: {fileID: 0}
    m_RemovedComponents: []
  m_SourcePrefab: {fileID: 100100000, guid: 58667d70b5a111044894ff10d10464b3, type: 3}
--- !u!4 &8780729413015075043 stripped
Transform:
  m_CorrespondingSourceObject: {fileID: 7372948184985556771, guid: 58667d70b5a111044894ff10d10464b3,
    type: 3}
  m_PrefabInstance: {fileID: 2272791343719428032}
  m_PrefabAsset: {fileID: 0}
